@electronic{IEEEexample:ProgramacionConJava,
  author        = "Ing. Carlos Alberto Román Zamitiz",
  title         = "Programación Orientada a Objetos con Java",
  organization  = "Facultad de ingeniería, UNAM",
  address       = "CDMX, México, Ciudad universitaria",
  url           = "http://profesores.fi-b.unam.mx/carlos/java/indice.html"

}

@book{IEEEexample:OCPJSE,
  author        = "{Jeanne Boyarsky, Scott Selikoff}",
  title         = "Oracle Certified Professional Java SE 8 Programmer II Study Guide",
  series        = "OCA",
  publisher     = "{Sybex}",
  address       = "United States, {CA}",
  year          = "2018",

}

@book{IEEEexample:JavaAbstraction,
  author    = "Hugh Hamill",
  title     = "Java Abstraction",
  series    = "The Ultimate Guide",
  publisher = "Java Code Geeks",
  address   = "United States, {CA}",
  year      = "2006"
}

@inbook{IEEEexample:POOJ,
  author        = "A. García-Beltrán, J.M. Arranz",
  title         = "Programación Orientada a Objetos con Java",
  publisher     = "Universidad Técnica de Madrid",
  address       = "Madrid, España",
  year          = "2009",
  chapter       = "18"
}

@IEEEtranBSTCTL{IEEEexample:BSTcontrol,
  CTLuse_article_number     = "yes",
  CTLuse_paper              = "yes",
  CTLuse_forced_etal        = "no",
  CTLmax_names_forced_etal  = "10",
  CTLnames_show_etal        = "1",
  CTLuse_alt_spacing        = "yes",
  CTLalt_stretch_factor     = "4",
  CTLdash_repeated_names    = "yes",
  CTLname_format_string     = "{f.~}{vv~}{ll}{, jj}",
  CTLname_latex_cmd         = "",
  CTLname_url_prefix        = "[Online]. Available:"
}


